<?xml version="1.0" encoding="UTF-8"?><collection xmlns="http://www.loc.gov/MARC21/slim"><record><leader>00600nam--2200181-i-4500</leader><controlfield tag="001">000018372</controlfield><controlfield tag="002">20161230</controlfield><controlfield tag="005">20161230201032</controlfield><controlfield tag="008">060222s1000------------r-----000-0-eng-d</controlfield><datafield ind1=" " ind2=" " tag="040"><subfield code="a">IFIN-HH</subfield></datafield><datafield ind1=" " ind2=" " tag="080"><subfield code="a">538.3:537.591</subfield></datafield><datafield ind1="1" ind2=" " tag="100"><subfield code="a">Lehnert, B</subfield></datafield><datafield ind1="1" ind2="0" tag="245"><subfield code="a">Electromagnetic phenomena in cosmical physics</subfield><subfield code="b">International astronomical uion symposium no. 6 held in stochholm, august 1956</subfield><subfield code="c">B. lehnert (ed.)</subfield></datafield><datafield ind1=" " ind2=" " tag="260"><subfield code="a">Cambridge</subfield><subfield code="b">The University Press</subfield><subfield code="c">1958</subfield></datafield><datafield ind1=" " ind2=" " tag="300"><subfield code="a">XII + 544 P</subfield></datafield><datafield ind1=" " ind2=" " tag="490"><subfield code="a">International Astronomical Union, Symposium</subfield></datafield><datafield ind1=" " ind2=" " tag="852"><subfield code="a">15353</subfield><subfield code="c">539.13</subfield></datafield><datafield ind1=" " ind2=" " tag="CAT"><subfield code="a">Sys</subfield><subfield code="c">20120223</subfield><subfield code="h">105936</subfield></datafield></record></collection>